@online{owlapi,
  title = {OWL API},
  url = {http://owlapi.sourceforge.net/}
}

@online{githubproject,
  title = {FactbookParser},
  author = {Leendert Dommicent and Jorn Van Loock},
  url = {https://github.com/Dommicentl/FactbookParser}
}

@online{supercsv,
  title = {Super CSV},
  author = {Kasper Graversen},
  url = {http://supercsv.sourceforge.net/}
}
