@online{owlapi,
  title = {OWL API},
  url = {http://owlapi.sourceforge.net/}
}

@online{githubproject,
  title = {FactbookParser},
  author = {Leendert Dommicent and Jorn Van Loock},
  url = {https://github.com/Dommicentl/FactbookParser}
}

@online{supercsv,
  title = {Super CSV},
  author = {Kasper Graversen},
  url = {http://supercsv.sourceforge.net/}
}

@online{jsoup,
  title = {Jsoup},
  author = {Jonathan Hedley},
  url = {http://jsoup.org/}
}

@online{dbpedia,
  title = {DBpedia},
  author = {Christian Bizer},
  url = {http://dbpedia.org/}
}

@online{start,
  title = {Terrorist Organization Profiles},
  author = {University of Maryland},
  url = {http://www.start.umd.edu/start/data_collections/tops/}
}

@techreport{homework2,
  author = {Leendert Dommicent and Jorn Van Loock},
  title = {Advanced databases: Homework 2},
  institution = {KU Leuven},
  year = {2012}
}

@techreport{homework3,
  author = {Leendert Dommicent and Jorn Van Loock},
  title = {Advanced databases: Homework 3},
  institution = {KU Leuven},
  year = {2012}
}

@online{gtd,
  title = {Global Terrorist Database},
  author = {University of Maryland},
  url = {http://www.start.umd.edu/gtd/}
}

@online{factbook,
  title = {The World Factbook},
  author = {Central Intelligence Agency},
  url = {https://www.cia.gov/library/publications/the-world-factbook/}
}
